<?xml version="1.0" encoding="UTF-8"?><record xmlns="http://www.loc.gov/MARC21/slim" xmlns:cinclude="http://apache.org/cocoon/include/1.0" xmlns:zs="http://www.loc.gov/zing/srw/">
  <leader>00568cz  a2200157n  4500</leader>
  <controlfield tag="001">no 00022167 </controlfield>
  <controlfield tag="003">DLC</controlfield>
  <controlfield tag="005">20060202121244.0</controlfield>
  <controlfield tag="008">000330n| acannaabn          |n aaa     c</controlfield>
  <datafield tag="010" ind1=" " ind2=" ">
    <subfield code="a">no 00022167 </subfield>
  </datafield>
  <datafield tag="035" ind1=" " ind2=" ">
    <subfield code="a">(OCoLC)oca05186873</subfield>
  </datafield>
  <datafield tag="040" ind1=" " ind2=" ">
    <subfield code="a">TxCM</subfield>
    <subfield code="b">eng</subfield>
    <subfield code="c">TxCM</subfield>
    <subfield code="d">DLC</subfield>
  </datafield>
  <datafield tag="053" ind1=" " ind2="0">
    <subfield code="a">PR6053.A3817</subfield>
  </datafield>
  <datafield tag="100" ind1="1" ind2=" ">
    <subfield code="a">Callaghan, Louise C.</subfield>
  </datafield>
  <datafield tag="670" ind1=" " ind2=" ">
    <subfield code="a">The puzzle-heart, 1999:</subfield>
    <subfield code="b">t.p. (Louise C. Callaghan) p. 4 of cover (b. in Dublin, educated at University College, Dublin)</subfield>
  </datafield>
  <datafield tag="670" ind1=" " ind2=" ">
    <subfield code="a">Forgotten light, 2003:</subfield>
    <subfield code="b">t.p. (Louise C. Callaghan) p. 4 of cover (b. 1948 in Shankill, Co. Dublin)</subfield>
  </datafield>
</record>